
@Article{Tsutsui/Gosh:1997,
  author = 	 {S.Tsutsui and A.Ghosh},
  title = 	 {Genetic Algorithms with a Robust Solution Searching Scheme},
  journal = 	 {IEEE Transactions on Evolutionary Computation},
  year = 	 {1997},
  OPTkey = 	 {},
  OPTvolume = 	 {1},
  OPTnumber = 	 {3},
  pages = 	 {201--208},
  OPTmonth = 	 {},
  OPTnote = 	 {},
  OPTannote = 	 {}
}
